@article{dabby_musical_1996,
	title = {Musical variations from a chaotic mapping},
	volume = {6},
	issn = {1054-1500},
	doi = {10.1063/1.166171},
	pages = {95--107},
	number = {2},
	journaltitle = {Chaos: An Interdisciplinary Journal of Nonlinear Science},
	shortjournal = {Chaos: An Interdisciplinary Journal of Nonlinear Science},
	author = {Dabby, Diana S.},
	date = {1996-06-01},
	file = {Snapshot:C\:\\Users\\helpdesk\\Zotero\\storage\\ZU5GWKJB\\Musical-variations-from-a-chaotic-mapping.html:text/html;Submitted Version:C\:\\Users\\helpdesk\\Zotero\\storage\\IKSIMCAQ\\Dabby - 1996 - Musical variations from a chaotic mapping.pdf:application/pdf},
}

@article{lorenz_deterministic_1963,
	title = {Deterministic Nonperiodic Flow},
	volume = {20},
	issn = {0022-4928, 1520-0469},
	doi = {10.1175/1520-0469(1963)020<0130:DNF>2.0.CO;2},
	pages = {130--141},
	number = {2},
	journaltitle = {Journal of the Atmospheric Sciences},
	author = {Lorenz, Edward N.},
	date = {1963-03-01},
	note = {Publisher: American Meteorological Society
Section: Journal of the Atmospheric Sciences},
	file = {Full Text PDF:C\:\\Users\\helpdesk\\Zotero\\storage\\D2ZYA6FC\\Lorenz - 1963 - Deterministic Nonperiodic Flow.pdf:application/pdf},
}

@book{carter_music_2016,
	title = {Music Theory: From Beginner to Expert - The Ultimate Step-By-Step Guide to Understanding and Learning Music Theory Effortlessly},
	shorttitle = {Music Theory},
	pagetotal = {244},
	publisher = {4th edition},
	author = {Carter, Nicolas},
	date = {2016-08-11},
}

@book{bonnici_music_2021,
	title = {Music and {AI}},
	isbn = {978-2-88966-602-7},
	pagetotal = {170},
	publisher = {Frontiers Media {SA}},
	author = {Bonnici, Alexandra and Dannenberg, Roger B. and Kemper, Steven and Camilleri, Kenneth P.},
	date = {2021-03-16},
	langid = {english},
	keywords = {Science / General},
}

@book{palmer_basic_1994,
	title = {The Basic Book of Scales, Chords, Arpeggios \& Cadences: Includes All the Major, Minor (Natural, Harmonic, Melodic) \& Chromatic Scales},
	isbn = {978-0-88284-860-0},
	shorttitle = {The Basic Book of Scales, Chords, Arpeggios \& Cadences},
	pagetotal = {44},
	publisher = {Alfred Music Publishing},
	author = {Palmer, Willard A. and Manus, Morton and Lethco, Amanda Vick},
	date = {1994},
	langid = {english},
	keywords = {Music / Instruction \& Study / Exercises, Music / Instruction \& Study / Theory, Music / Musical Instruments / Piano \& Keyboard},
}

@book{bose_numerical_2019,
	title = {Numerical Methods of Mathematics Implemented in Fortran},
	isbn = {9789811371141},
	pagetotal = {479},
	publisher = {Springer},
	author = {Bose, Sujit Kumar},
	date = {2019-05-13},
	langid = {english},
	keywords = {Mathematics / Applied, Mathematics / Counting \& Numeration, Mathematics / Discrete Mathematics, Mathematics / Logic, Mathematics / Numerical Analysis, Mathematics / Probability \& Statistics / Stochastic Processes},
}

@book{khare_play_2020,
	title = {Play Keyboard with Ease: Chords and Notations of Top Bollywood Songs},
	isbn = {978-1-64892-909-0},
	shorttitle = {Play Keyboard with Ease},
	pagetotal = {241},
	publisher = {Notion Press},
	author = {Khare, Vanshika Verma},
	date = {2020-06-21},
	langid = {english},
	keywords = {Music / Instruction \& Study / Techniques},
}

@book{bishop_chaos_2023,
	title = {Chaos Theory: A Quick Immersion},
	isbn = {978-1-949845-35-8},
	shorttitle = {Chaos Theory},
	pagetotal = {152},
	publisher = {Tibidabo Publishing, Incorporated},
	author = {Bishop, Robert C.},
	date = {2023-07-12},
	langid = {english},
	keywords = {Philosophy / General, Science / Chaotic Behavior in Systems, Science / General},
}

@book{budd_climate_2023,
	title = {Climate, Chaos And Covid: How Mathematical Models Describe The Universe},
	isbn = {978-1-80061-306-5},
	shorttitle = {Climate, Chaos And Covid},
	pagetotal = {312},
	publisher = {World Scientific},
	author = {Budd, Chris},
	date = {2023-03-21},
	langid = {english},
	keywords = {Mathematics / Applied, Mathematics / General, Mathematics / Recreations \& Games},
}

@book{dodd_bachs_2019,
	title = {Bach's Prelude I in C Major in 30 Lessons: A Complete Beginner's Guide},
	isbn = {978-1-69701-911-7},
	shorttitle = {Bach's Prelude I in C Major in 30 Lessons},
	pagetotal = {69},
	publisher = {Amazon Digital Services {LLC} - Kdp},
	author = {Dodd, Thanos},
	date = {2019-10-02},
	langid = {english},
	keywords = {Music / Instruction \& Study / General},
}

@book{froyland_introduction_2022,
	title = {Introduction to Chaos and Coherence},
	isbn = {978-1-351-43718-9},
	pagetotal = {145},
	publisher = {Routledge},
	author = {Froyland, Jan},
	date = {2022-01-26},
	langid = {english},
	keywords = {Science / Life Sciences / General, Science / Physics / General},
}

@book{hinson_12_1987,
	title = {12 Variations on Ah, Vous Dirai-Je, Maman, K. 265},
	isbn = {978-0-7390-2032-6},
	pagetotal = {16},
	publisher = {{ALFRED} {PUBN}},
	author = {Hinson, Maurice},
	date = {1987-11},
	langid = {english},
}

@book{pachelbel_canon_2005,
	title = {Canon in D: Variations on the Theme for Piano},
	isbn = {978-0-7390-7134-2},
	shorttitle = {Canon in D},
	pagetotal = {8},
	publisher = {Alfred Music},
	author = {Pachelbel, Johann and Palmer, Willard A.},
	date = {2005-05-03},
	langid = {english},
}

@book{gerou_essential_1996,
	title = {Essential Dictionary of Music Notation},
	isbn = {978-0-88284-730-6},
	pagetotal = {351},
	publisher = {Alfred Publishing Company},
	author = {Gerou, Tom and Lusk, Linda},
	date = {1996},
	langid = {english},
}

@book{tlelo-cuautle_analogdigital_2019,
	title = {Analog/Digital Implementation of Fractional Order Chaotic Circuits and Applications},
	isbn = {978-3-030-31250-3},
	pagetotal = {223},
	publisher = {Springer Nature},
	author = {Tlelo-Cuautle, Esteban and Pano-Azucena, Ana Dalia and Guillén-Fernández, Omar and Silva-Juárez, Alejandro},
	date = {2019-11-11},
	langid = {english},
}

@article{orue_lorenz_2006,
	title = {Lorenz System Parameter Determination and Application to Break the Security of Two-channel Chaotic Cryptosystems},
	author = {Orue, Amalia and Alvarez, Gonzalo and Romera, Miguel and Pastor, Gerardo and Vitini, Fausto and Li, Shujun},
	date = {2006-07-11},
}

@article{ge_anti-control_2006,
	title = {Anti-control of chaos of single time scale brushless dc motors and chaos synchronization of different order systems},
	volume = {27},
	doi = {10.1016/j.chaos.2005.04.095},
	pages = {1298--1315},
	journaltitle = {Chaos, Solitons \& Fractals},
	shortjournal = {Chaos, Solitons \& Fractals},
	author = {Ge, Zheng-Ming and Ching Ming, Chang and Chen, Yen-Sheng},
	date = {2006-03-01},
}

@article{may_simple_1976,
	title = {Simple Mathematical Models With Very Complicated Dynamics},
	volume = {26},
	issn = {978-1-4419-2330-1},
	doi = {10.1038/261459a0},
	pages = {457},
	journaltitle = {Nature},
	shortjournal = {Nature},
	author = {May, Robert},
	date = {1976-07-01},
}

@book{mandelbrot_variation_1962,
	title = {The Variation of Certain Speculative Prices},
	pagetotal = {100},
	publisher = {Thomas J. Watson Research Center},
	author = {Mandelbrot, Benoit B.},
	date = {1962},
	langid = {english},
}

@article{izhikevich_neural_2000,
	title = {Neural excitability, spiking and bursting},
	volume = {10},
	pages = {1171--1266},
	journaltitle = {International Journal of Bifurcation and Chaos in Applied Sciences and Engineering},
	shortjournal = {International Journal of Bifurcation and Chaos in Applied Sciences and Engineering},
	author = {Izhikevich, E.M.},
	date = {2000-06-01},
}

@article{petrzela_chaos_2022,
	title = {Chaos in Analog Electronic Circuits: Comprehensive Review, Solved Problems, Open Topics and Small Example},
	volume = {10},
	doi = {10.3390/math10214108},
	shorttitle = {Chaos in Analog Electronic Circuits},
	pages = {4108},
	journaltitle = {Mathematics},
	shortjournal = {Mathematics},
	author = {Petrzela, Jiri},
	date = {2022-11-04},
}